@article {carleson,
  AUTHOR = {Carleson, Lennart},
  TITLE = {On convergence and growth of partial sums of {F}ourier series},
  JOURNAL = {Acta Math.},
  FJOURNAL = {Acta Mathematica},
  VOLUME = {116},
  YEAR = {1966},
  PAGES = {135--157},
  ISSN = {0001-5962,1871-2509},
  MRCLASS = {42.11},
  MRNUMBER = {199631},
  MRREVIEWER = {J.-P.\ Kahane},
  DOI = {10.1007/BF02392815},
  URL = {https://doi.org/10.1007/BF02392815},
  LANGUAGE = {english},
}

@book {duoandikoetxea1,
  AUTHOR = {Duoandikoetxea, Javier},
  TITLE = {Fourier analysis},
  SERIES = {Graduate Studies in Mathematics},
  VOLUME = {29},
  NOTE = {Translated and revised from the 1995 Spanish original by David Cruz-Uribe},
  PUBLISHER = {American Mathematical Society, Providence, RI},
  YEAR = {2001},
  PAGES = {xviii+222},
  ISBN = {0-8218-2172-5},
  MRCLASS = {42-01},
  MRNUMBER = {1800316},
  MRREVIEWER = {Loukas\ Grafakos},
  DOI = {10.1090/gsm/029},
  URL = {https://doi.org/10.1090/gsm/029},
  LANGUAGE = {english},
}

@book {duoandikoetxea2,
  AUTHOR = {Duoandikoetxea, Javier},
  TITLE = {Lecciones sobre las series y las transformadas de Fourier},
  PUBLISHER = {UNAN-Managua},
  YEAR = {2003},
  URL = {https://www.ugr.es/~acanada/docencia/matematicas/analisisdefourier/Duoandikoetxeafourier.pdf},
  LANGUAGE = {spanish},
}

@article{duoandikoetxea3,
  AUTHOR = {Duoandikoetxea, Javier},
  JOURNAL = {La Gaceta de la RSME},
  TITLE = {200 años de convergencia de las series de Fourier},
  VOLUME = {10.3},
  YEAR = {2007},
  PAGES = {651-688},
  LANGUAGE = {english},
}

@mastersthesis {fierros,
  AUTHOR = {{Fierros Bobadilla, Jorge Usbaldo} and {Rivera Martínez, Hermenegildo}},
  TITLE = {Análisis de la convergencia de las series de Fourier},
  YEAR = {1996},
  SCHOOL = {Universidad de Sonora},
  URL = {https://lic.mat.uson.mx/tesis/93_94TesisMere_Fierros.PDF},
  LANGUAGE = {spanish},
}

@book {folland,
  AUTHOR = {Folland, Gerald B.},
  TITLE = {Real analysis},
  SERIES = {Pure and Applied Mathematics (New York)},
  EDITION = {Second},
  NOTE = {Modern techniques and their applications, A Wiley-Interscience Publication},
  PUBLISHER = {John Wiley \& Sons, Inc., New York},
  YEAR = {1999},
  PAGES = {xvi+386},
  ISBN = {0-471-31716-0},
  MRCLASS = {00A05 (26-01 28-01 46-01)},
  MRNUMBER = {1681462},
  LANGUAGE = {english},
}

@incollection {hunt,
  AUTHOR = {Hunt, Richard A.},
  TITLE = {On the convergence of {F}ourier series},
  BOOKTITLE = {Orthogonal {E}xpansions and their {C}ontinuous {A}nalogues
              ({P}roc. {C}onf., {E}dwardsville, {I}ll., 1967)},
  PAGES = {235--255},
  PUBLISHER = {Southern Illinois Univ. Press, Carbondale, IL},
  YEAR = {1968},
  MRCLASS = {42.11},
  MRNUMBER = {238019},
  MRREVIEWER = {J.-P.\ Kahane},
  LANGUAGE = {english},
}

@book {katznelson,
  AUTHOR = {Katznelson, Yitzhak},
  TITLE = {An introduction to harmonic analysis},
  SERIES = {Cambridge Mathematical Library},
  EDITION = {Third},
  PUBLISHER = {Cambridge University Press, Cambridge},
  YEAR = {2004},
  PAGES = {xviii+314},
  ISBN = {0-521-83829-0; 0-521-54359-2},
  MRCLASS = {43-01 (42-02 43-02)},
  MRNUMBER = {2039503},
  DOI = {10.1017/CBO9781139165372},
  URL = {https://doi.org/10.1017/CBO9781139165372},
  LANGUAGE = {english},
}

@article {miao,
  AUTHOR = {Miao, Jing},
  TITLE = {Convergence of Fourier series in {$L^p$} space},
  JOURNAL = {Universidad de Chicago},
  YEAR = {2014},
  URL = {https://math.uchicago.edu/~may/REU2014/REUPapers/Miao.pdf},
  LANGUAGE = {english},
}

@book {schmidt,
  AUTHOR = {Schmidt, Wolfgang M.},
  TITLE = {Diophantine approximation},
  SERIES = {Lecture Notes in Mathematics},
  VOLUME = {785},
  PUBLISHER = {Springer, Berlin},
  YEAR = {1980},
  PAGES = {x+299},
  ISBN = {3-540-09762-7},
  MRCLASS = {10Fxx (10-02)},
  MRNUMBER = {568710},
  MRREVIEWER = {A.\ J.\ van der Poorten},
  LANGUAGE = {english},
}

@book {zygmund,
  AUTHOR = {Zygmund, A.},
  TITLE = {Trigonometric series. {V}ol. {I}, {II}},
  SERIES = {Cambridge Mathematical Library},
  EDITION = {Third},
  NOTE = {With a foreword by Robert A. Fefferman},
  PUBLISHER = {Cambridge University Press, Cambridge},
  YEAR = {2002},
  PAGES = {xii; Vol. I: xiv+383 pp.; Vol. II: viii+364},
  ISBN = {0-521-89053-5},
  MRCLASS = {01A75 (42-02)},
  MRNUMBER = {1963498},
  LANGUAGE = {english},
}